@article{landi2022nonequilibrium,
	title={Nonequilibrium boundary-driven quantum systems: {Models}, methods, and properties},
	author={Landi, Gabriel T. and Poletti, Dario and Schaller, Gernot},
	journal={Reviews of Modern Physics},
	volume={94},
	number={4},
	pages={045006},
	year={2022},
	publisher={APS}
}

@article{leggett1987dynamics,
	title={{Dynamics of the dissipative two-state system}},
	author={Fisher, {Matthew} PA and Garg, Anupam},
	journal={Reviews of Modern Physics},
	volume={59},
	number={1},
	pages={1},
	year={1987},
	publisher={APS}
}
@article{hasenbusch2008critical,
	title={Critical behavior of three-dimensional {Ising} spin glass models},
	author={Hasenbusch, Martin and {Pelissetto}, Andrea and Vicari, Ettore},
	journal={Physical Review B},
	volume={78},
	number={21},
	pages={214205},
	year={2008},
	publisher={APS}
}

@book{goldenfeld2018lectures,
	title={{Lectures on phase transitions and the renormalization group}},
	author={Goldenfeld, Nigel},
	year={2018},
	publisher={CRC Press}
}

@book{domb1983vol8,
	title={{Phase Transitions and Critical Phenomena. Vol. 8}},
	author={C. Domb M. S. Green J. L. Lebowitz},
	year={1983},
}

@article{brand2023dimer,
	title={{Dimer Coupling Energies of the Si(001) Surface}},
	author={{Brand}, Christian and Hucht, Alfred and Jnawali, Giriraj and Fortmann, Jonas D and Sothmann, Bj{\"o}rn and Mehdipour, Hamid and Kratzer, Peter and Sch{\"u}tzhold, Ralf and Horn-von Hoegen, Michael},
	journal={Physical Review Letters},
	volume={130},
	number={12},
	pages={126203},
	year={2023},
	publisher={APS}
}

@article{pelissetto2002critical,
	title={{Critical phenomena and renormalization-group theory}},
	author={Pelissetto, Andrea and Vicari, Ettore},
	journal={Physics Reports},
	volume={368},
	number={6},
	pages={549--727},
	year={2002},
	publisher={Elsevier}
}

@article{gillespie1996mathematics,
	title={{The mathematics of Brownian motion and Johnson noise}},
	author={Gillespie, Daniel T},
	journal={American Journal of Physics},
	volume={64},
	number={3},
	pages={225--240},
	year={1996},
	publisher={American Association of Physics Teachers}
}

@article{dammann1993dynamical,
	title={{Dynamical critical exponent of the two-dimensional Ising model}},
	author={Dammann, B. and Reger, J. D.},
	journal={Europhysics Letters},
	volume={21},
	number={2},
	pages={157},
	year={1993},
	publisher={IOP Publishing}
}
@article{adzhemyan2022dynamic,
	title={{The dynamic critical exponent $z$ for 2d and 3d Ising models from five-loop $\varepsilon$ expansion}},
	author={Adzhemyan, L. Ts. and Evdokimov, D. A. and Hnati{\v{c}}, M. and Ivanova, E. V. and Kompaniets, M. V. and Kudlis, A. and Zakharov, D. V.},
	journal={Physics Letters A},
	volume={425},
	pages={127870},
	year={2022},
	publisher={Elsevier}
}
@book{breuer2002theory,
	title={{The theory of open quantum systems}},
	author={Breuer, Heinz-Peter and Petruccione, Francesco},
	year={2002},
	publisher={Oxford University Press, USA}
}

@article{ozeki2007nonequilibrium,
	title={{Nonequilibrium relaxation method}},
	author={Ozeki, Yukiyasu and Ito, Nobuyasu},
	journal={Journal of Physics A: Mathematical and Theoretical},
	volume={40},
	number={31},
	pages={R149},
	year={2007},
	publisher={IOP Publishing}
}
@article{sadiq1984dynamics,
	title={{Dynamics of the formation of two-dimensional ordered structures}},
	author={Sadiq, A and Binder, K},
	journal={Journal of statistical physics},
	volume={35},
	pages={517--585},
	year={1984},
	publisher={Springer}
}

@article{yao2001appc,
	title={{Appc 2000}},
	author={Yao, Yeong-Der and Cheng, Hai-Yang and Chang, Chia-Seng and Lee, Shang-Fan},
	journal={APPC 2000},
	year={2001},
	pages={277}
}

@article{ramstad1995theoretical,
	title={{Theoretical study of the Si(100) surface reconstruction}},
	author={Ramstad, A and Brocks, G and Kelly, PJ},
	journal={Physical Review B},
	volume={51},
	number={20},
	pages={14504},
	year={1995},
	publisher={APS}
}
@article{jose1977renormalization,
	title={{Renormalization, vortices, and symmetry-breaking perturbations in the two-dimensional planar model}},
	author={Jos{\'e}, Jorge V. and Kadanoff, Leo P. and Kirkpatrick, Scott and Nelson, David R.},
	journal={Physical Review B},
	volume={16},
	number={3},
	pages={1217},
	year={1977},
	publisher={APS}
}

@book{risken1996fokker,
	title={{Fokker-planck equation}},
	author={Risken, Hannes},
	year={1996},
	publisher={Springer}
}
@article{brunger1984stochastic,
	title={{Stochastic boundary conditions for molecular dynamics simulations of ST2 water}},
	author={Br{\"u}nger, Axel and Brooks III, Charles L. and Karplus, Martin},
	journal={Chemical physics letters},
	volume={105},
	number={5},
	pages={495--500},
	year={1984},
	publisher={Elsevier}
}
@article{larini2007langevin,
	title={{Langevin stabilization of molecular-dynamics simulations of polymers by means of quasisymplectic algorithms}},
	author={Larini, L. and Mannella, Riccardo and Leporini, Dino},
	journal={The Journal of Chemical Physics},
	volume={126},
	number={10},
	year={2007},
	publisher={AIP Publishing}
}

@article{izaguirre2001langevin,
	title={{Langevin stabilization of molecular dynamics}},
	author={Izaguirre, Jes{\'u}s A. and Catarello, Daniel P. and Wozniak, Justin M. and Skeel, Robert D.},
	journal={The Journal of chemical physics},
	volume={114},
	number={5},
	pages={2090--2098},
	year={2001},
	publisher={American Institute of Physics}
}

@article{chadi1979atomic,
	title={{Atomic and electronic structures of reconstructed Si(100) surfaces}},
	author={Chadi, D. J. },
	journal={Physical Review Letters},
	volume={43},
	number={1},
	pages={43},
	year={1979},
	publisher={APS}
}

@article{brand2023critical,
	title={{Critical behavior of the dimerized Si(001) surface: A continuous order-disorder phase transition in the 2D Ising universality class}},
	author={Brand, Christian and Hucht, Alfred and Mehdipour, Hamid and Jnawali, Giriraj and Fortmann, Jonas D and Tajik, Mohammad and Sothmann, R{\"u}diger Hild Bj{\"o}rn and Kratzer, Peter and Sch{\"u}tzhold, Ralf and Hoegen, Michael Horn-von},
	journal={arXiv preprint arXiv:2310.10488},
	year={2023}
}
@article{landemark1992core,
	title={{Core-level spectroscopy of the clean Si(001) surface: Charge transfer within asymmetric dimers of the 2$\times$1 and c(4$\times$2) reconstructions}},
	author={Landemark, Erik and Karlsson, C. J. and Chao, Y.-C. and Uhrberg, R. I. G.},
	journal={Physical review letters},
	volume={69},
	number={10},
	pages={1588},
	year={1992},
	publisher={APS}
}
@article{tabata1987order,
	title={{Order-disorder transition on Si(001): c (4$\times$2) to (2$\times$1)}},
	author={Tabata, Takeshi and Aruga, Tetsuya and Murata, Yoshitada},
	journal={Surface Science Letters},
	volume={179},
	number={1},
	pages={L63--L70},
	year={1987},
	publisher={Elsevier}
}

@article{kadanoff1966scaling,
	title={{Scaling laws for Ising models near $T_c$}},
	author={Kadanoff, Leo P.},
	journal={Physics Physique Fizika},
	volume={2},
	number={6},
	pages={263},
	year={1966},
	publisher={APS}
}
@article{binder1981finite,
	title={{Finite size scaling analysis of Ising model block distribution functions}},
	author={Binder, Kurt},
	journal={Zeitschrift f{\"u}r Physik B Condensed Matter},
	volume={43},
	pages={119--140},
	year={1981},
	publisher={Springer}
}

@article{caldeira1981influence,
	title={{Influence of dissipation on quantum tunneling in macroscopic systems}},
	author={Caldeira, Amir O. and Leggett, Anthony J.},
	journal={Physical Review Letters},
	volume={46},
	number={4},
	pages={211},
	year={1981},
	publisher={APS}
}

@book{kloeden1992stochastic,
	title={{Stochastic differential equations}},
	author={Kloeden, Peter E. and Platen, Eckhard},
	year={1992},
	publisher={Springer}
}

@book{frenkel2023understanding,
	title={{Understanding molecular simulation: from algorithms to applications}},
	author={Frenkel, Daan and Smit, Berend},
	year={2023},
	publisher={Elsevier}
}

@book{mccoy1973two,
	title={{The two-dimensional Ising model}},
	author={McCoy, Barry M. and Wu, Tai Tsun},
	year={1973},
	publisher={Harvard University Press}
}

@article{larini2007langevin,
	title={{Langevin stabilization of molecular-dynamics simulations of polymers by means of quasisymplectic algorithms}},
	author={Larini, L and Mannella, Riccardo and Leporini, Dino},
	journal={The Journal of Chemical Physics},
	volume={126},
	number={10},
	year={2007},
	publisher={AIP Publishing}
}

@article{pillay2004revisit,
	title={{Revisit to the Ising model for order--disorder phase transition on Si(001)}},
	author={Pillay, Devina and Stewart, Brett and Shin, Chee Burm and Hwang, Gyeong S},
	journal={Surface science},
	volume={554},
	number={2-3},
	pages={150--158},
	year={2004},
	publisher={Elsevier}
}

@article{ihm1983structural,
	title={{Structural phase diagrams for the surface of a solid: a total-energy, renormalization-group approach}},
	author={Ihm, J. and Lee, D. H. and Joannopoulos, J. D. and Xiong, J. J.},
	journal={Physical review letters},
	volume={51},
	number={20},
	pages={1872},
	year={1983},
	publisher={APS}
}

@article{onsager1944crystal,
	title={{Crystal statistics. I. A two-dimensional model with an order-disorder transition}},
	author={Onsager, Lars},
	journal={Physical Review},
	volume={65},
	number={3-4},
	pages={117},
	year={1944},
	publisher={APS}
}

@article{schaller2023sequential,
	title={{Sequential Kibble-Zurek dynamics in the anisotropic Ising model of the Si (001) surface}},
	author={Schaller, Gernot and Queisser, Friedemann and Katoorani, Seyedeh Parya and Brand, Christian and Kohlf{\"u}rst, Christian and Freeman, Mark R and Hucht, Alfred and Kratzer, Peter and Sothmann, Bj{\"o}rn and Hoegen, Michael Horn-von and others},
	journal={arXiv preprint arXiv:2310.18216},
	year={2023}
}
@article{nightingale2000monte,
	title={{Monte Carlo computation of correlation times of independent relaxation modes at criticality}},
	author={Nightingale, M. P. and Bl{\"o}te, H. W. J.},
	journal={Physical Review B},
	volume={62},
	number={2},
	pages={1089},
	year={2000},
	publisher={APS}
}
@book{cardy1996scaling,
	title={{Scaling and renormalization in statistical physics}},
	author={Cardy, John},
	volume={5},
	year={1996},
	publisher={Cambridge university press}
}
@article{zurek1985cosmological,
	title={{Cosmological experiments in superfluid helium?}},
	author={Zurek, Wojciech H.},
	journal={Nature},
	volume={317},
	number={6037},
	pages={505--508},
	year={1985},
	publisher={Nature Publishing Group UK London}
}
@article{zurek1996cosmological,
	title={{Cosmological experiments in condensed matter systems}},
	author={Zurek, Wojciech H.},
	journal={Physics Reports},
	volume={276},
	number={4},
	pages={177--221},
	year={1996},
	publisher={Elsevier}
}
@article{laguna1997density,
	title={{Density of kinks after a quench: When symmetry breaks, how big are the pieces?}},
	author={Laguna, Pablo and Zurek, Wojciech Hubert},
	journal={Physical Review Letters},
	volume={78},
	number={13},
	pages={2519},
	year={1997},
	publisher={APS}
}

@inproceedings{potts1952some,
	title={{Some generalized order-disorder transformations}},
	author={Potts, Renfrey Burnard},
	booktitle={{Mathematical proceedings of the cambridge philosophical society}},
	volume={48},
	number={1},
	pages={106--109},
	year={1952},
	organization={Cambridge University Press}
}

@article{mattis1984transfer,
	title={{Transfer matrix in plane-rotator model}},
	author={Mattis, Daniel C.},
	journal={Physics Letters A},
	volume={104},
	number={6-7},
	pages={357--360},
	year={1984},
	publisher={Elsevier}
}

@article{merkl1994recurrent,
	title={{Recurrent random walks and the absence of continuous symmetry breaking on graphs}},
	author={Merkl, Franz and Wagner, Herbert},
	journal={Journal of statistical physics},
	volume={75},
	pages={153--165},
	year={1994},
	publisher={Springer}
}
@article{mermin1966absence,
	title={{Absence of ferromagnetism or antiferromagnetism in one-or two-dimensional isotropic Heisenberg models}},
	author={Mermin, N. David and Wagner, Herbert},
	journal={Physical Review Letters},
	volume={17},
	number={22},
	pages={1133},
	year={1966},
	publisher={APS}
}
@article{berezinskii1971destruction,
	title={{Destruction of long-range order in one-dimensional and two-dimensional systems having a continuous symmetry group I. Classical systems}},
	author={Berezinskii, V. L.},
	journal={Sov. Phys. JETP},
	volume={32},
	number={3},
	pages={493--500},
	year={1971}
}

@article{JMKosterlitz_1973,
	doi = {10.1088/0022-3719/6/7/010},
	url = {https://dx.doi.org/10.1088/0022-3719/6/7/010},
	year = {1973},
	month = {apr},
	publisher = {},
	volume = {6},
	number = {7},
	pages = {1181},
	author = {J. M. Kosterlitz and  D. J. Thouless},
	title = {Ordering, metastability and phase transitions in two-dimensional systems},
	journal = {Journal of Physics C: Solid State Physics},
	abstract = {A new definition of order called topological order is proposed for two-dimensional systems in which no long-range order of the conventional type exists. The possibility of a phase transition characterized by a change in the response of the system to an external perturbation is discussed in the context of a mean field type of approximation. The critical behaviour found in this model displays very weak singularities. The application of these ideas to the xy model of magnetism, the solid-liquid transition, and the neutral superfluid are discussed. This type of phase transition cannot occur in a superconductor nor in a Heisenberg ferromagnet.}
}

@article{migdal1975phase,
	title={{Phase transitions in gauge and spin-lattice systems}},
	author={Migdal, A. A.},
	journal={Zh. Eksp. Teor. Fiz},
	volume={69},
	pages={1457},
	year={1975}
}
@misc{cuda,
	author={NVIDIA and Vingelmann, Péter and Fitzek, Frank H. P.},
	title={{CUDA, release: 10.2.89}},
	year={2020},
	url={https://developer.nvidia.com/cuda-toolkit},
}
@misc{thrust,
	author = {Thrust Development Team},
	title = {Thrust: The {C}\texttt{++} Parallel Algorithms Library},
	year = {2023},
	publisher = {NVIDIA Corporation},
	url = {https://thrust.github.io/}
}
@incollection{ahnert2014solving,
	title={{Solving ordinary differential equations on GPUs}},
	author={Ahnert, Karsten and Demidov, Denis and Mulansky, Mario},
	booktitle={{Numerical Computations with GPUs}},
	pages={125--157},
	year={2014},
	publisher={Springer}
}

@incollection{binder2022monte,
	title={{Monte Carlo simulations in statistical physics}},
	author={Binder, Kurt},
	booktitle={{Statistical and Nonlinear Physics}},
	pages={85--97},
	year={2022},
	publisher={Springer}
}
@article{tiesinga2021codata,
	title={{CODATA recommended values of the fundamental physical constants: 2018}},
	author={Tiesinga, Eite and Mohr, Peter J and Newell, David B and Taylor, Barry N},
	journal={Journal of Physical and Chemical Reference Data},
	volume={50},
	number={3},
	year={2021},
	publisher={AIP Publishing}
}

@article{li1995dynamic,
	title={{Dynamic monte carlo measurement of critical exponents}},
	author={Li, Z. B. and Sch{\"u}lke, L. and Zheng, B.},
	journal={Physical review letters},
	volume={74},
	number={17},
	pages={3396},
	year={1995},
	publisher={APS}
}
@article{janssen1989new,
	title={{New universal short-time scaling behaviour of critical relaxation processes}},
	author={Janssen, H. K. and Schaub, B. and Schmittmann, B.},
	journal={Zeitschrift f{\"u}r Physik B Condensed Matter},
	volume={73},
	pages={539--549},
	year={1989},
	publisher={Springer}
}
@article{ladewig2020kibble,
	title={{Kibble-Zurek mechanism from different angles: The transverse XY model and subleading scalings}},
	author={Ladewig, Bj{\"o}rn and Mathey, Steven and Diehl, Sebastian},
	journal={Physical Review B},
	volume={102},
	number={10},
	pages={104306},
	year={2020},
	publisher={APS}
}

@article{pillay2004revisit,
	title={{Revisit to the Ising model for order--disorder phase transition on Si (0 0 1)}},
	author={Pillay, Devina and Stewart, Brett and Shin, Chee Burm and Hwang, Gyeong S},
	journal={Surface science},
	volume={554},
	number={2-3},
	pages={150--158},
	year={2004},
	publisher={Elsevier}
}

@article{kosterlitz1974critical,
	title={{The critical properties of the two-dimensional {XY} model}},
	author={Kosterlitz, J. M.},
	journal={Journal of Physics C: Solid State Physics},
	volume={7},
	number={6},
	pages={1046},
	year={1974},
	publisher={IOP Publishing}
}

@article{amit1980renormalisation,
	title={{Renormalisation group analysis of the phase transition in the 2D Coulomb gas, Sine-Gordon theory and XY-model}},
	author={Grinstein, S.},
	journal={Journal of Physics A: Mathematical and General},
	volume={13},
	number={2},
	pages={585},
	year={1980},
	publisher={IOP Publishing}
}

@article{inoue1994order,
	title={{Order-disorder phase transition on the Si(001) surface: Critical role of dimer defects}},
	author={Inoue, Kouichirou and Morikawa, Y. and Terakura, K. and Nakayama, M.},
	journal={Physical Review B},
	volume={49},
	number={20},
	pages={14774},
	year={1994},
	publisher={APS}
}

@article{fu2001molecular,
	title={{Molecular dynamics study of dimer flipping on perfect and defective Si(001) surfaces}},
	author={Fu, Chu-Chun and Weissmann, Mariana and Sa{\'u}l, Andr{\'e}s},
	journal={Surface science},
	volume={494},
	number={2},
	pages={119--130},
	year={2001},
	publisher={Elsevier}
}


@article{xiao2019spontaneous,
	title={{Spontaneous symmetry lowering of Si(001) towards two-dimensional ferro/antiferroelectric behavior}},
	author={Xiao, Chengcheng and Wang, Xinwei and Pi, Xiaodong and Yang, Shengyuan A. and Feng, Yuanping and Lu, Yunhao and Zhang, Shengbai},
	journal={Physical Review Materials},
	volume={3},
	number={4},
	pages={044410},
	year={2019},
	publisher={APS}
}

@article{madras1988pivot,
	title={{The pivot algorithm: A highly efficient Monte Carlo method for the self-avoiding walk}},
	author={Madras, Neal and Sokal, Alan D.},
	journal={Journal of Statistical Physics},
	volume={50},
	pages={109--186},
	year={1988},
	publisher={Springer}
}
@article{anderson2011statistical,
	title={{The statistical analysis of time series}},
	author={Anderson, Theodore W.},
	year={2011},
	publisher={John Wiley \& Sons},
	pages={438--450}
}
@article{dabrowski1992self,
	title={{Self-consistent study of the electronic and structural properties of the clean Si(001)($2\times1$) surface}},
	author={Dabrowski, Jaroslaw and Scheffler, Matthias},
	journal={Applied Surface Science},
	volume={56},
	pages={15--19},
	year={1992}
}

@article{himpsel1979photoemission,
	title={{Photoemission studies of intrinsic surface states on Si(100)}},
	author={Himpsel, F. J. and Eastman, D. E.},
	journal={Journal of Vacuum Science and Technology},
	volume={16},
	number={5},
	pages={1297--1299},
	year={1979},
	publisher={American Vacuum Society}
}
@article{uhrberg1981experimental,
	title={{Experimental studies of the dangling-and dimer-bond-related surface electron bands on Si(100)(2$\times$1)}},
	author={Uhrberg, R. I. G. and Hansson, G. V. and Nicholls, J. M. and Flodstr{\"o}m, S. A. },
	journal={Physical Review B},
	volume={24},
	number={8},
	pages={4684},
	year={1981},
	publisher={APS}
}

@article{handa1989plasma,
	title={{Plasma fibrinogen levels as an independent indicator of severity of coronary atherosclerosis}},
	author={Handa, Koichi and Kono, Suminori and Saku, Keijiro and Sasaki, Jun and Kawano, Tomoki and Sasaki, Yasushi and Hiroki, Tadayuki and Arakawa, Kikuo},
	journal={Atherosclerosis},
	volume={77},
	number={2-3},
	pages={209--213},
	year={1989},
	publisher={Elsevier}
}

@article{matsumoto2003low,
	title={{Low-energy electron diffraction study of the phase transition of Si(001) surface below 40 K}},
	author={Matsumoto, M and Fukutani, K and Okano, T},
	journal={Physical review letters},
	volume={90},
	number={10},
	pages={106103},
	year={2003},
	publisher={APS}
}

@article{kubota1994streak,
	title={{Streak patterns in low-energy electron diffraction on Si(001)}},
	author={Kubota, Masakazu and Murata, Yoshitada},
	journal={Physical Review B},
	volume={49},
	number={7},
	pages={4810},
	year={1994},
	publisher={APS}
}

@article{wolkow1992direct,
	title={{Direct observation of an increase in buckled dimers on Si(001) at low temperature}},
	author={Wolkow, Robert A},
	journal={Physical review letters},
	volume={68},
	number={17},
	pages={2636},
	year={1992},
	publisher={APS}
}

@article{tochihara1994low,
	title={{Low-temperature scanning-tunneling-microscopy observations of the Si(001) surface with a low surface-defect density}},
	author={Tochihara, Hiroshi and Amakusa, Takaaki and Iwatsuki, Masashi},
	journal={Physical Review B},
	volume={50},
	number={16},
	pages={12262},
	year={1994},
	publisher={APS}
}

@article{blote1995ising,
	title={{Ising universality in three dimensions: a Monte Carlo study}},
	author={Blote, H. W. J. and Luijten, Erik and Heringa, Jouke R.},
	journal={Journal of Physics A: Mathematical and General},
	volume={28},
	number={22},
	pages={6289},
	year={1995},
	publisher={IOP Publishing}
}

@article{hohenberg1977theory,
	title={{Theory of dynamic critical phenomena}},
	author={Hohenberg, Pierre C. and Halperin, Bertrand. I.},
	journal={Reviews of Modern Physics},
	volume={49},
	number={3},
	pages={435},
	year={1977},
	publisher={APS}
}

@article{kibble1976topology,
	title={{Topology of cosmic domains and strings}},
	author={Kibble, Thomas W. B. },
	journal={Journal of Physics A: Mathematical and General},
	volume={9},
	number={8},
	pages={1387},
	year={1976},
	publisher={IOP Publishing}
}

@article{del2014universality,
	title={{Universality of phase transition dynamics: Topological defects from symmetry breaking}},
	author={Del Campo, Adolfo and Zurek, Wojciech H},
	journal={International Journal of Modern Physics A},
	volume={29},
	number={08},
	pages={1430018},
	year={2014},
	publisher={World Scientific}
}

@article{ruutu1996vortex,
	title={{Vortex formation in neutron-irradiated superfluid $^3$He as an analogue of cosmological defect formation}},
	author={Ruutu, V. M. H. and Eltsov, V. B. and Gill, A. J. and Kibble, T. W. B. and Krusius, M. and Makhlin, Yu G. and Placais, B. and Volovik, G. E. and Xu, Wen},
	journal={Nature},
	volume={382},
	number={6589},
	pages={334--336},
	year={1996},
	publisher={Nature Publishing Group UK London}
}

@article{ulm2013observation,
	title={{Observation of the Kibble--Zurek scaling law for defect formation in ion crystals}},
	author={Ulm, S. and Ro{\ss}nagel, J. and Jacob, G. and Deg{\"u}nther, C. and Dawkins, S. T. and Poschinger, U. G. and Nigmatullin, R. and Retzker, A. and Plenio, M. B. and Schmidt-Kaler, F. and others},
	journal={Nature communications},
	volume={4},
	number={1},
	pages={2290},
	year={2013},
	publisher={Nature Publishing Group UK London}
}

@article{pyka2013topological,
	title={{Topological defect formation and spontaneous symmetry breaking in ion Coulomb crystals}},
	author={Pyka, K and Keller, J and Partner, HL and Nigmatullin, R and Burgermeister, T and Meier, DM and Kuhlmann, K and Retzker, A and Plenio, Martin B and Zurek, WH and others},
	journal={Nature communications},
	volume={4},
	number={1},
	pages={2291},
	year={2013},
	publisher={Nature Publishing Group UK London}
}

@misc{sistrucure,
	author = {{Ben Mills}},
	title = {Wikipedia. 2024. "Silicon". The silicon atoms are replaced by own color gradients. Dimerization arrows, coordinate system and lattice constant added.},
	year = {2024},
	howpublished = {Retrieved from \url{https://en.wikipedia.org/wiki/Silicon}}
}

@article{batra1990atomic,
	title={{Atomic structure of the Si(001)-(2$\times$1) surface}},
	author={Batra, Inder P.},
	journal={Physical Review B},
	volume={41},
	number={8},
	pages={5048},
	year={1990},
	publisher={APS}
}

@article{rastelli2004monte,
	title={{Monte Carlo simulation of a planar rotator model with symmetry-breaking fields}},
	author={Rastelli, E and Regina, S and Tassi, A},
	journal={Physical Review B},
	volume={69},
	number={17},
	pages={174407},
	year={2004},
	publisher={APS}
}

@article{ferrenberg1991critical,
	title={{three-dimensional Ising model: A high-resolution Monte Carlo study}},
	author={Ferrenberg, Alan M. and Landau, D. P. },
	journal={Physical Review B},
	volume={44},
	number={10},
	pages={5081},
	year={1991},
	publisher={APS}
}

@article{hasenbusch2005two,
	title={{The two-dimensional XY model at the transition temperature: a high-precision Monte Carlo study}},
	author={Hasenbusch, Martin},
	journal={Journal of Physics A: Mathematical and General},
	volume={38},
	number={26},
	pages={5869},
	year={2005},
	publisher={IOP Publishing}
}
@article{press2002numerical,
	title={Numerical recipes in {C}\texttt{++}},
	author={Press, W. H. and Teukolsky, S. A. and Vetterling, W. T. and Flannery, B. P.},
	journal={The Art of Scientific Computing, second ed., Cambridge University Press, Cambridge},
	year={2002}
}

@article{prudnikov1997critical,
	title={{Critical dynamics of spin systems in the four-loop approximation}},
	author={Prudnikov, V. V. and Ivanov, A. V. and Fedorenko, A. A.},
	journal={Journal of Experimental and Theoretical Physics Letters},
	volume={66},
	pages={835--840},
	year={1997},
	publisher={Springer}
}
@article{zheng1998monte,
	title={{Monte Carlo simulations of short-time critical dynamics}},
	author={Zheng, B},
	journal={International Journal of Modern Physics B},
	volume={12},
	number={14},
	pages={1419--1484},
	year={1998},
	publisher={World Scientific}
}

@article{adzhemyan2022model,
	title={{Model A of critical dynamics: 5-loop ɛ expansion study}},
	author={Adzhemyan, L Ts and Evdokimov, DA and Hnati{\v{c}}, M and Ivanova, EV and Kompaniets, MV and Kudlis, A and Zakharov, DV},
	journal={Physica A: Statistical Mechanics and its Applications},
	volume={600},
	pages={127530},
	year={2022},
	publisher={Elsevier}
}

@article{dammann1993dynamical,
	title={{Dynamical critical exponent of the two-dimensional Ising model}},
	author={Dammann, B and Reger, JD},
	journal={Europhysics Letters},
	volume={21},
	number={2},
	pages={157},
	year={1993},
	publisher={IOP Publishing}
}
@article{duclut2017frequency,
	title={{Frequency regulators for the nonperturbative renormalization group: A general study and the model A as a benchmark}},
	author={Duclut, Charlie and Delamotte, Bertrand},
	journal={Physical Review E},
	volume={95},
	number={1},
	pages={012107},
	year={2017},
	publisher={APS}
}

@article{einstein1905molekularkinetischen,
	title={{{\"U}ber die von der molekularkinetischen Theorie der W{\"a}rme geforderte Bewegung von in ruhenden Fl{\"u}ssigkeiten suspendierten Teilchen}},
	author={Einstein, Albert},
	journal={Annalen der physik},
	volume={4},
	year={1905}
}

@article{che2008performance,
	title={{A performance study of general-purpose applications on graphics processors using CUDA}},
	author={Che, Shuai and Boyer, Michael and Meng, Jiayuan and Tarjan, David and Sheaffer, Jeremy W. and Skadron, Kevin},
	journal={Journal of parallel and distributed computing},
	volume={68},
	number={10},
	pages={1370--1380},
	year={2008},
	publisher={Elsevier}
}
@article{aizenman1980comparison,
	title={{A comparison of plane rotor and Ising models}},
	author={Aizenman, M. and Simon, B.},
	journal={Physics Letters A},
	volume={76},
	number={3-4},
	pages={281--282},
	year={1980},
	publisher={Elsevier}
}

@article{wegner1972corrections,
	title={{Corrections to scaling laws}},
	author={Wegner, Franz J},
	journal={Physical Review B},
	volume={5},
	number={11},
	pages={4529},
	year={1972},
	publisher={APS}
}

@article{bernreuther1988investigation,
	title={{An investigation of the phase structure of the two-dimensional O(2) and O(4) symmetric nonlinear sigma-models}},
	author={Bernreuther, W. and G{\"o}ckeler, M.},
	journal={Physics Letters B},
	volume={214},
	number={1},
	pages={109--114},
	year={1988},
	publisher={Elsevier}
}

@article{landau1983non,
	title={{Non-universal critical behavior in the planar XY-model with fourth order anisotropy}},
	author={Landau, D. P. },
	journal={Journal of Magnetism and Magnetic Materials},
	volume={31},
	pages={1115--1116},
	year={1983},
	publisher={Elsevier}
}
@article{binder1981critical,
	title={{Critical properties from Monte Carlo coarse graining and renormalization}},
	author={Binder, Kurt},
	journal={Physical Review Letters},
	volume={47},
	number={9},
	pages={693},
	year={1981},
	publisher={APS}
}

@article{langevin1908theorie,
	title={Sur la th{\'e}orie du mouvement brownien},
	author={Langevin, Paul},
	journal={Compt. Rendus},
	volume={146},
	pages={530--533},
	year={1908}
}

@article{kim2016valley,
	title={{Valley-engineered ultra-thin silicon for high-performance junctionless transistors}},
	author={Kim, Seung-Yoon and Choi, Sung-Yool and Hwang, Wan Sik and Cho, Byung Jin},
	journal={Scientific Reports},
	volume={6},
	number={1},
	pages={29354},
	year={2016},
	publisher={Nature Publishing Group UK London}
}
@book{dabrowski2000silicon,
	title={{Silicon surfaces and formation of interfaces: basic science in the industrial world}},
	author={Dabrowski, Jarek and others},
	year={2000},
	publisher={World Scientific}
}
@book{siffert2013silicon,
	title={{Silicon: evolution and future of a technology}},
	author={Siffert, Paul and Krimmel, Eberhard},
	year={2013},
	publisher={Springer Science \& Business Media},
	pages={1--2}
}
@article{el2015increasing,
	title={{Increasing the transistor count by constructing a two-layer crystal square on a single chip}},
	author={El-Aawar, Haissam},
	journal={AIRCC's International Journal of Computer Science and Information Technology},
	pages={97--105},
	year={2015}
}
@article{barsanov1962systematic,
	title={{A systematic presentation of atomic radii}},
	author={Barsanov, SS},
	journal={Journal of structural chemistry},
	volume={3},
	number={5},
	pages={590--603},
	year={1962},
	publisher={Kluwer Academic Publishers-Plenum Publishers New York}
}
@misc{kratzer2024flip,
	title={{private communication}},
	author={P. Kratzer}
}
@article{ozeki2007nonequilibrium,
	title={{Nonequilibrium relaxation method}},
	author={Ozeki, Yukiyasu and Ito, Nobuyasu},
	journal={Journal of Physics A: Mathematical and Theoretical},
	volume={40},
	number={31},
	pages={R149},
	year={2007},
	publisher={IOP Publishing}
}
@article{perdew2008restoring,
	title={{Restoring the density-gradient expansion for exchange in solids and surfaces}},
	author={Perdew, John P. and Ruzsinszky, Adrienn and Csonka, G{\'a}bor I and Vydrov, Oleg A and Scuseria, Gustavo E and Constantin, Lucian A and Zhou, Xiaolan and Burke, Kieron},
	journal={Physical review letters},
	volume={100},
	number={13},
	pages={136406},
	year={2008},
	publisher={APS}
}

@article{vugrin2007confidence,
	title={Confidence region estimation techniques for nonlinear regression in groundwater flow: {Three} case studies},
	author={Vugrin, Kay White and Swiler, Laura Painton and Roberts, Randall M. and Stucky-Mack, Nicholas J. and Sullivan, Sean P.},
	journal={Water Resources Research},
	volume={43},
	number={3},
	year={2007},
	publisher={Wiley Online Library}
}
@article{bortz1975new,
	title={{A new algorithm for Monte Carlo simulation of Ising spin systems}},
	author={Bortz, Alfred B. and Kalos, Malvin H. and Lebowitz, Joel L.},
	journal={Journal of Computational Physics},
	volume={17},
	number={1},
	pages={10--18},
	year={1975},
	publisher={Elsevier}
}
@article{campostrini2001critical,
	title={{Critical behavior of the three-dimensional XY universality class}},
	author={Campostrini, Massimo and Hasenbusch, Martin and Pelissetto, Andrea and Rossi, Paolo and Vicari, Ettore},
	journal={Physical Review B},
	volume={63},
	number={21},
	pages={214503},
	year={2001},
	publisher={APS}
}